@InBook{Bennett1976,
  Title = {Scientific and engineering problem-solving with the computer},
  Author = {William Ralph Bennett},
  Chapter = {Language},
  Publisher = {Prentice-Hall},
  Year = {1976}
}

@InProceedings{Keselj2003,
  Title = {N-gram-based author profiles for authorship attribution},
  Author = {Vlado Ke{\v{s}}elj and Fuchun Peng and Nick Cercone and Calvin Thomas},
  Booktitle = {Proceedings of the Pacific Association for Computational Linguistics},
  Year = {2003},
  Pages = {255--264}
}
